@book{Schmidt2017,
address = {Wiesbaden},
author = {Schmidt, Hans-Henning},
doi = {10.1007/978-3-658-14931-4},
isbn = {978-3-658-14930-7},
keywords = {Geotechnik. Engineering geology. Foundations. Hydr},
mendeley-groups = {Skripte},
pages = {Online--Ressource (XVI, 783 Seiten 545 Abb., 3 Abb.},
publisher = {Springer Fachmedien Wiesbaden},
title = {{Grundlagen der Geotechnik}},
year = {2017}
}


@incollection{Vrettos2017,
author = {Vrettos, Christos},
booktitle = {GRUNDBAU‚ÄêTASCHENBUCH},
doi = {10.1002/9783433607275.ch9},
month = {4},
pages = {573--631},
publisher = {Wiley},
title = {{Bodendynamik}},
year = {2017}
}

@book{Verruijt2010,
address = {Dordrecht},
author = {Verruijt, Arnold},
booktitle = {Choice Reviews Online},
doi = {10.1007/978-90-481-3441-0},
isbn = {978-90-481-3440-3},
issn = {0009-4978},
month = {8},
number = {12},
pages = {47--6894--47--6894},
publisher = {Springer Netherlands},
title = {{An Introduction to Soil Dynamics}},
volume = {47},
year = {2010}
}
@book{haupt1986bodendynamik,
  title={Bodendynamik: Grundlagen und Anwendung},
  author={Haupt, Wolfgang},
  year={1986},
  publisher={Vieweg}
}

@article{amiri2008,
author = {Vaseghi Amiri, J. and Ghodrati Amiri, G. and Ganjavi, B.},
title = {Seismic vulnerability assessment of multi-degree-of-freedom systems based on total input energy and momentary input energy responses},
journal = {Canadian Journal of Civil Engineering},
volume = {35},
number = {1},
pages = {41-56},
year = {2008},
doi = {10.1139/L07-085},
URL = { https://doi.org/10.1139/L07-085},
eprint = { https://doi.org/10.1139/L07-085}
}


